<record><leader>00000cas a2200000Ma 4500</leader><controlfield tag="001">10897188</controlfield><controlfield tag="008">840628d18271827mauwr ne      0   a0eng d</controlfield><datafield ind1=" " ind2=" " tag="010"><subfield code="a">sn 84023558 </subfield></datafield><datafield ind1=" " ind2=" " tag="040"><subfield code="a">AQM</subfield><subfield code="b">eng</subfield><subfield code="c">AQM</subfield><subfield code="d">OCLCG</subfield><subfield code="d">OCLCQ</subfield></datafield><datafield ind1="0" ind2="0" tag="245"><subfield code="a">Saturday evening statesman.</subfield></datafield><datafield ind1=" " ind2=" " tag="260"><subfield code="a">Boston, Mass. :</subfield><subfield code="b">True and Greene,</subfield><subfield code="c">1827-</subfield></datafield><datafield ind1=" " ind2=" " tag="300"><subfield code="a">v. ;</subfield><subfield code="c">54 cm.</subfield></datafield><datafield ind1=" " ind2=" " tag="310"><subfield code="a">Weekly</subfield></datafield><datafield ind1="0" ind2=" " tag="362"><subfield code="a">Vol. 1, no. 1 (Mar. 10, 1827)-</subfield></datafield><datafield ind1="1" ind2=" " tag="362"><subfield code="a">Ceased in Dec. 1827.</subfield><subfield code="z">Cf. Newspapers in microform, U.S., 1948-1983.</subfield></datafield><datafield ind1=" " ind2=" " tag="500"><subfield code="a">Publisher: Nathaniel Greene.</subfield></datafield><datafield ind1=" " ind2=" " tag="500"><subfield code="a">"Republican."</subfield></datafield><datafield ind1=" " ind2=" " tag="500"><subfield code="a">Editors: N. Greene; F.S. Hill.</subfield></datafield><datafield ind1=" " ind2=" " tag="580"><subfield code="a">Daily eds.: Boston daily American statesman; Boston statesman (Boston, Mass. : Daily).</subfield></datafield><datafield ind1=" " ind2="7" tag="655"><subfield code="a">Newspapers.</subfield><subfield code="2">rbgenr</subfield></datafield><datafield ind1="1" ind2=" " tag="700"><subfield code="a">Greene, Nathaniel,</subfield><subfield code="d">1797-1877.</subfield></datafield><datafield ind1="1" ind2=" " tag="700"><subfield code="a">Hill, F. S.</subfield><subfield code="q">(Frederic Stanhope),</subfield><subfield code="d">1805-1851.</subfield></datafield><datafield ind1=" " ind2=" " tag="752"><subfield code="a">United States</subfield><subfield code="b">Massachusetts</subfield><subfield code="c">Suffolk</subfield><subfield code="d">Boston.</subfield></datafield><datafield ind1="1" ind2=" " tag="775"><subfield code="t">Boston daily American statesman</subfield><subfield code="w">(DLC)sn 84023557</subfield></datafield><datafield ind1="1" ind2=" " tag="775"><subfield code="t">Boston statesman (Boston, Mass. : Daily)</subfield><subfield code="w">(DLC)sn 84023559</subfield></datafield><datafield ind1="0" ind2="0" tag="785"><subfield code="t">Boston statesman (Boston, Mass. : Weekly)</subfield><subfield code="w">(DLC)sn 84023561</subfield></datafield><datafield ind1="1" ind2=" " tag="029"><subfield code="a">AU@</subfield><subfield code="b">000020129493</subfield></datafield></record>